@article{crema2020multi,
  title={A multi-proxy inference of J{\=o}mon population dynamics using bayesian phase models, residential data, and summed probability distribution of 14C dates},
  author={Crema, Enrico R and Kobayashi, Ken'ichi},
  journal={Journal of Archaeological Science},
  volume={117},
  pages={105136},
  year={2020},
  publisher={Elsevier}
}

@book{habu2004ancient,
  title={Ancient Jomon of Japan},
  author={Habu, Junko and Junko, Habu},
  volume={4},
  year={2004},
  publisher={Cambridge University Press}
}

@inproceedings{Saligny14,
  title={OH\_FET: a computer application for analysing urban dynamics over long time spans},
  author={Saligny, Laure and Granjon, Ludovic and Huet, Thomas and Simon, Ga{\"e}l and Rodier, Xavier and Lefebvre, Bastien},
  booktitle={CAA2014. 21st Century Archaeology. Concepts, methods and tools. Proceedings of the 42nd Annual Conference on Computer Applications and Quantitative Methods in Archaeology},
  pages={381--392},
  year={2015},
  organization={Archaeopress},
  bth=1750,
}

@article{kobayashi2008jomon,
  title={Jomon-jidai no rekinendai},
  author={Kobayashi, K},
  journal={Rekishino Monosashi},
  pages={257--269},
  year={2008},
  publisher={Doseisha}
}

@article{Dietler98,
  title={Habitus, techniques, style: an integrated approach to the social understanding of material culture and boundaries},
  author={Dietler, Michael and Herbich, Ingrid},
  journal={The archaeology of social boundaries},
  pages={232--263},
  year={1998},
  publisher={Smithsonian Institution Press Washington},
  bth=2663
}

@inproceedings{Binding10,
  title={Implementing archaeological time periods using CIDOC CRM and SKOS},
  author={Binding, Ceri},
  booktitle={Extended Semantic Web Conference},
  pages={273--287},
  year={2010},
  organization={Springer},
  bth=3168
}